@book{Hennessy2019,
author = {Hennessy, John L. and Patterson, David A.},
edition = {Sixth},
pages = {A-4},
publisher = {Morgan Kaufmann},
title = {{Computer Architecture. A Quantitative Approach}},
year = {2019}
}